@inproceedings{geisberger2008contraction,
  title        = {Contraction hierarchies: Faster and simpler hierarchical routing in road networks},
  author       = {Geisberger, Robert and Sanders, Peter and Schultes, Dominik and Delling, Daniel},
  booktitle    = {Experimental Algorithms: 7th International Workshop, WEA 2008 Provincetown, MA, USA, May 30-June 1, 2008 Proceedings 7},
  pages        = {319--333},
  year         = {2008},
  organization = {Springer}
}

@inproceedings{abraham2011hub,
  title        = {A hub-based labeling algorithm for shortest paths in road networks},
  author       = {Abraham, Ittai and Delling, Daniel and Goldberg, Andrew V and Werneck, Renato F},
  booktitle    = {Experimental Algorithms: 10th International Symposium, SEA 2011, Kolimpari, Chania, Crete, Greece, May 5-7, 2011. Proceedings 10},
  pages        = {230--241},
  year         = {2011},
  organization = {Springer}
}

@article{funkescalable,
  title  = {Scalable Ultrafast Almost-optimal Euclidean Shortest Paths},
  author = {Funke, Stefan and Koch, Daniel and Proissl, Claudius and Schneewind, Axel and Wei{\ss}, Armin and Weitbrecht, Felix}
}

@article{blum2021sublinear,
  title     = {Sublinear search spaces for shortest path planning in grid and road networks},
  author    = {Blum, Johannes and Funke, Stefan and Storandt, Sabine},
  journal   = {Journal of Combinatorial Optimization},
  volume    = {42},
  number    = {2},
  pages     = {231--257},
  year      = {2021},
  publisher = {Springer}
}

@inproceedings{abraham2010highway,
  title        = {Highway dimension, shortest paths, and provably efficient algorithms},
  author       = {Abraham, Ittai and Fiat, Amos and Goldberg, Andrew V and Werneck, Renato F},
  booktitle    = {Proceedings of the twenty-first annual ACM-SIAM symposium on Discrete Algorithms},
  pages        = {782--793},
  year         = {2010},
  organization = {SIAM}
}

@article{henzinger1997faster,
  title     = {Faster shortest-path algorithms for planar graphs},
  author    = {Henzinger, Monika R and Klein, Philip and Rao, Satish and Subramanian, Sairam},
  journal   = {journal of computer and system sciences},
  volume    = {55},
  number    = {1},
  pages     = {3--23},
  year      = {1997},
  publisher = {Elsevier}
}

@article{vetter2009parallel,
  title   = {Parallel time-dependent contraction hierarchies},
  author  = {Vetter, Christian},
  journal = {Student Research Project},
  pages   = {134},
  year    = {2009}
}

